<record xmlns="http://www.loc.gov/MARC21/slim" xmlns:xsi="http://www.w3.org/2001/XMLSchema-instance" xsi:schemaLocation="http://www.loc.gov/MARC21/slim http://www.loc.gov/standards/marcxml/schema/MARC21slim.xsd"><leader>00689cz   2200217n  4500</leader><controlfield tag="001">oca02472206 </controlfield><controlfield tag="003">OCoLC</controlfield><controlfield tag="005">20051018122913.0</controlfield><controlfield tag="008">890301n| acannaab           |a aaa     c</controlfield><datafield ind1=" " ind2=" " tag="010"><subfield code="a">nr 89002495 </subfield></datafield><datafield ind1=" " ind2=" " tag="040"><subfield code="a">NjP</subfield><subfield code="c">NjP</subfield><subfield code="d">DLC</subfield></datafield><datafield ind1=" " ind2="0" tag="053"><subfield code="a">PA6392.G6</subfield></datafield><datafield ind1="0" ind2="0" tag="100"><subfield code="a">Grattius,</subfield><subfield code="c">Faliscus</subfield></datafield><datafield ind1="0" ind2="0" tag="400"><subfield code="a">Grattio</subfield></datafield><datafield ind1="0" ind2="0" tag="400"><subfield code="a">Gratius,</subfield><subfield code="c">Faliscus</subfield></datafield><datafield ind1="0" ind2="0" tag="400"><subfield code="a">Grazio,</subfield><subfield code="c">Falisco</subfield></datafield><datafield ind1=" " ind2=" " tag="670"><subfield code="a">His Il Cynegeticon di Grattio, 1988.</subfield></datafield><datafield ind1=" " ind2=" " tag="670"><subfield code="a">NUC pre-56</subfield><subfield code="b">(Gratius, Faliscus)</subfield></datafield><datafield ind1=" " ind2=" " tag="670"><subfield code="a">Oxford classical dict., 1970:</subfield><subfield code="b">p. 477 (Grattius "Faliscus")</subfield></datafield><datafield ind1=" " ind2=" " tag="670"><subfield code="a">Oxford companion to classical literature, 1937, p. 191 (Grattius; Gratius)</subfield></datafield><datafield ind1=" " ind2=" " tag="670"><subfield code="a">Encic. ital.</subfield><subfield code="b">(Grazio Falisco; Grattius)</subfield></datafield></record>